<?xml version="1.0" encoding="UTF-8"?>
<zs:searchRetrieveResponse xmlns:zs="http://www.loc.gov/zing/srw/">
    <zs:version>1.2</zs:version>
    <zs:numberOfRecords>31</zs:numberOfRecords>
    <zs:records>
        <zs:record>
            <zs:recordPosition>1</zs:recordPosition>
            <zs:recordSchema>marcxml</zs:recordSchema>
            <zs:recordPacking>xml</zs:recordPacking>
            <zs:recordData>
                <record xmlns="http://www.loc.gov/MARC21/slim">
                    <leader>00000nab a2200000uu 4500</leader>
                    <controlfield tag="001">2615626038</controlfield>
                    <controlfield tag="003">UK-CbPIL</controlfield>
                    <datafield tag="022" ind1=" " ind2=" ">
                        <subfield code="a">0164-0178</subfield>
                    </datafield>
                    <datafield tag="022" ind1=" " ind2=" ">
                        <subfield code="a">1086-3141</subfield>
                    </datafield>
                    <datafield tag="022" ind1=" " ind2=" ">
                        <subfield code="a">0146-5511</subfield>
                    </datafield>
                    <datafield tag="022" ind1=" " ind2=" ">
                        <subfield code="a">0002-9068</subfield>
                    </datafield>
                    <datafield tag="035" ind1=" " ind2=" ">
                        <subfield code="a">2615626038</subfield>
                    </datafield>
                    <datafield tag="045" ind1="2" ind2=" ">
                        <subfield code="b">d20210701</subfield>
                        <subfield code="b">d20210731</subfield>
                    </datafield>
                    <datafield tag="084" ind1=" " ind2=" ">
                        <subfield code="a">12342</subfield>
                        <subfield code="2">nlm</subfield>
                    </datafield>
                    <datafield tag="100" ind1="1" ind2=" ">
                        <subfield code="a">Jenna Weissman Joselit</subfield>
                    </datafield>
                    <datafield tag="245" ind1="1" ind2=" ">
                        <subfield code="a">&lt;i&gt;Painted Pomegranates and Needlepoint Rabbis: How Jews Craft Resilience and Craft Community&lt;/i&gt; by Jodi Eichler-Levine (review)</subfield>
                    </datafield>
                    <datafield tag="260" ind1=" " ind2=" ">
                        <subfield code="b">Johns Hopkins University Press</subfield>
                        <subfield code="c">Jul 2021</subfield>
                    </datafield>
                    <datafield tag="513" ind1=" " ind2=" ">
                        <subfield code="a">Book Review</subfield>
                    </datafield>
                    <datafield tag="520" ind1="3" ind2=" ">
                        <subfield code="a">The Pomegranate Guild of Judaic Needlework, established in 1977 to foster "synagogue decoration, Judaic symbolism, Jewish art and Judaic embroidery," and Jewish Hearts for Pittsburgh, a digital group some one thousand members strong that arose more recently, in the wake of the deadly 2018 Tree of Life shootings, are among them (103).

Paying close attention to what they created, Eichler-Levine, herself a member of the Jewish craft community, explores a wide array of handmade goods, from the Pussyhat, the hot pink knitted cap with pointed cat ears worn by millions of women in 2017 in protest against then-President Trump, to the traditional wimple whose impetus has recently expanded to include all sorts of lifecycle moments, not just the birth of a son.

In its compelling analysis and, yes, in its embrace of Jewish women's craft culture, the book repeatedly rings the bell in favor of material culture, sounding now and again much more like a brief, an exercise in special pleading, than a confident narrative.</subfield>
                    </datafield>
                    <datafield tag="653" ind1=" " ind2=" ">
                        <subfield code="a">Judaic studies</subfield>
                    </datafield>
                    <datafield tag="653" ind1=" " ind2=" ">
                        <subfield code="a">Clergy</subfield>
                    </datafield>
                    <datafield tag="653" ind1=" " ind2=" ">
                        <subfield code="a">Jewish people</subfield>
                    </datafield>
                    <datafield tag="653" ind1=" " ind2=" ">
                        <subfield code="a">Symbolism</subfield>
                    </datafield>
                    <datafield tag="773" ind1="0" ind2=" ">
                        <subfield code="t">American Jewish History</subfield>
                        <subfield code="g">vol. 105, no. 3 (Jul 2021), p. 433</subfield>
                    </datafield>
                    <datafield tag="786" ind1="0" ind2=" ">
                        <subfield code="d">ProQuest</subfield>
                        <subfield code="t">Religion Database</subfield>
                    </datafield>
                    <datafield tag="856" ind1="4" ind2="1">
                        <subfield code="3">Citation/Abstract</subfield>
                        <subfield code="u">https://www.proquest.com/docview/2615626038/abstract/embedded/UHA0DUZFOHJEPDBM?source=fedsrch</subfield>
                    </datafield>
                    <datafield tag="856" ind1="4" ind2="0">
                        <subfield code="3">Full Text</subfield>
                        <subfield code="u">https://www.proquest.com/docview/2615626038/fulltext/embedded/UHA0DUZFOHJEPDBM?source=fedsrch</subfield>
                    </datafield>
                    <datafield tag="856" ind1="4" ind2="0">
                        <subfield code="3">Full Text - PDF</subfield>
                        <subfield code="u">https://www.proquest.com/docview/2615626038/fulltextPDF/embedded/UHA0DUZFOHJEPDBM?source=fedsrch</subfield>
                    </datafield>
                </record>
            </zs:recordData>
        </zs:record>